% Site
@MISC{NetworkX,
  author = {NetworkX developers},
  title  = "{NetworkX — NetworkX documentation}",
  year   = 2020,
  note   = {[Online] \url{https://networkx.org/}. Último acesso a 3 de janeiro de 2021}
}

% Site
@MISC{GitHub,
  author = {GitHub, Inc.},
  title  = "{GitHub}",
  year   = 2021,
  note   = {[Online] \url{https://github.com/}. Último acesso a 5 de janeiro de 2021}
}

% Site
@MISC{Python,
  author = {Python Software Foundation},
  title  = "{Welcome to Python.org}",
  year   = 2021,
  note   = {[Online] \url{https://www.python.org/}. Último acesso a 21 de dezembro de 2020}
}

% Site
@MISC{Code,
  author = {Microsoft},
  title  = "{Visual Studio Code - Code Editing. Redefined}",
  year   = 2021,
  note   = {[Online] \url{https://code.visualstudio.com/}. Último acesso a 5 de janeiro de 2021}
}